@article{Libro1,
  title={Comunicaciones digitales basadas en radio definida por software. Volumen 1},
  year={2019},
author = {Homero Ortega Boada and Oscar Mauricio Reyes Torres},
journal = {Editorial UIS}
}
